<record><leader>00000cas a22000007a 4500</leader><controlfield tag="001">11332606</controlfield><controlfield tag="008">841031d19521971inuwr ne      0    0eng d</controlfield><datafield ind1=" " ind2=" " tag="010"><subfield code="a">sn 84045446 </subfield></datafield><datafield ind1=" " ind2=" " tag="040"><subfield code="a">NPI</subfield><subfield code="b">eng</subfield><subfield code="c">NPI</subfield><subfield code="d">YOX</subfield><subfield code="d">MGN</subfield><subfield code="d">NPI</subfield><subfield code="d">GUA</subfield><subfield code="d">OCLCQ</subfield><subfield code="d">OCLCF</subfield><subfield code="d">OCLCO</subfield><subfield code="d">IUL</subfield><subfield code="d">OCLCO</subfield><subfield code="d">OCL</subfield></datafield><datafield ind1=" " ind2=" " tag="042"><subfield code="a">msc</subfield></datafield><datafield ind1=" " ind2=" " tag="043"><subfield code="a">n-us-in</subfield></datafield><datafield ind1="0" ind2="0" tag="245"><subfield code="a">Aurora journal-bulletin.</subfield></datafield><datafield ind1=" " ind2=" " tag="260"><subfield code="a">Aurora, Ind. :</subfield><subfield code="b">Journal Print. Co.,</subfield><subfield code="c">1952-1971.</subfield></datafield><datafield ind1=" " ind2=" " tag="300"><subfield code="a">18 v. :</subfield><subfield code="b">ill. ;</subfield><subfield code="c">57 cm.</subfield></datafield><datafield ind1=" " ind2=" " tag="310"><subfield code="a">Weekly</subfield></datafield><datafield ind1="0" ind2=" " tag="362"><subfield code="a">Vol. 85, no. 2 (June 5, 1952)-v. 102, no. 41 (Oct. 14, 1971).</subfield></datafield><datafield ind1=" " ind2="0" tag="651"><subfield code="a">Aurora (Ind.)</subfield><subfield code="v">Newspapers.</subfield></datafield><datafield ind1=" " ind2="0" tag="651"><subfield code="a">Dearborn County (Ind.)</subfield><subfield code="v">Newspapers.</subfield></datafield><datafield ind1=" " ind2="7" tag="651"><subfield code="a">Indiana</subfield><subfield code="z">Dearborn County.</subfield><subfield code="2">fast</subfield><subfield code="0">(OCoLC)fst01216007</subfield></datafield><datafield ind1=" " ind2="7" tag="651"><subfield code="a">Indiana</subfield><subfield code="z">Aurora.</subfield><subfield code="2">fast</subfield><subfield code="0">(OCoLC)fst01238722</subfield></datafield><datafield ind1=" " ind2="7" tag="655"><subfield code="a">Newspapers.</subfield><subfield code="2">fast</subfield><subfield code="0">(OCoLC)fst01423814</subfield></datafield><datafield ind1=" " ind2=" " tag="752"><subfield code="a">United States</subfield><subfield code="b">Indiana</subfield><subfield code="c">Dearborn</subfield><subfield code="d">Aurora.</subfield></datafield><datafield ind1="0" ind2="4" tag="780"><subfield code="t">Aurora journal</subfield><subfield code="w">(DLC)sn 84045585</subfield><subfield code="w">(OCoLC)11475610</subfield></datafield><datafield ind1="0" ind2="4" tag="780"><subfield code="t">Aurora bulletin</subfield><subfield code="w">(DLC)sn 84045445</subfield><subfield code="w">(OCoLC)11332421</subfield></datafield><datafield ind1="0" ind2="7" tag="785"><subfield code="t">Lawrenceburg press (Lawrenceburg, Ind.)</subfield><subfield code="w">(DLC)sn 84045579</subfield><subfield code="w">(OCoLC)11475322</subfield></datafield><datafield ind1="0" ind2="7" tag="785"><subfield code="t">Journal-press (Aurora, Ind.)</subfield><subfield code="w">(DLC)sn 84045580</subfield><subfield code="w">(OCoLC)11475483</subfield></datafield></record>